<?xml version="1.0" encoding="UTF-8"?><collection xmlns="http://www.loc.gov/MARC21/slim"><record><leader>00290nam--2200121-i-4500</leader><controlfield tag="001">000025122</controlfield><controlfield tag="002">20161230</controlfield><controlfield tag="005">20161230201035</controlfield><controlfield tag="008">060222s1000------------r-----000-0-eng-d</controlfield><datafield ind1=" " ind2=" " tag="100"><subfield code="a">Saint-romain, A.De</subfield></datafield><datafield ind1=" " ind2=" " tag="245"><subfield code="a">Technique elementaire de radar</subfield></datafield><datafield ind1=" " ind2=" " tag="260"><subfield code="a">Paris, Dunod, 1948</subfield></datafield><datafield ind1=" " ind2=" " tag="490"><subfield code="a">Vi+230p</subfield></datafield></record></collection>